%%
% BIThesis 本科毕业设计论文模板 —— 使用 XeLaTeX 编译 The BIThesis Template for Undergraduate Thesis
% This file has no copyright assigned and is placed in the Public Domain.
%%


@misc{ref1,
  title = {SonicWall Cyber Threat Report 2023},
  author = {{SONICWALL}},
  year = {2023},
  url = {https://www.sonicwall.com/medialibrary/en/white-paper/2023-cyber-threat-report.pdf},
  note = {Accessed: 2024-03-15}
}
@article{ref2,
  author = {M. Gopinath and S. C. Sethuraman},
  title = {A Comprehensive Survey on Deep Learning Based Malware Detection Techniques},
  journal = {Computers \& Security},
  year = {2023},
  volume = {124},
  pages = {102996},
  doi = {10.1016/j.cose.2022.102996}
}

@article{ref3,
  author = {H. S. Anderson and P. Roth},
  title = {EMBER: An Open Dataset for Training Static {PE} Malware Machine Learning Models},
  journal = {arXiv preprint arXiv:1804.04637},
  year = {2018}
}

@inproceedings{ref4,
  author = {G. E. Dahl and J. W. Stokes and L. Deng and others},
  title = {Large-Scale Malware Classification Using Random Projections and Neural Networks},
  booktitle = {2013 IEEE International Conference on Acoustics, Speech and Signal Processing},
  year = {2013},
  pages = {3422--3426},
  address = {Vancouver, BC, Canada},
  publisher = {IEEE}
}

@inproceedings{ref5,
  author = {E. Raff and J. Barker and J. Sylvester and others},
  title = {Malware Detection by Eating a Whole {EXE}},
  booktitle = {Workshops at the Thirty-Second AAAI Conference on Artificial Intelligence},
  year = {2018},
  address = {New Orleans, LA, USA},
  publisher = {AAAI}
}

@article{ref6,
  author = {K. Rieck and P. Trinius and C. Willems and others},
  title = {Automatic Analysis of Malware Behavior Using Machine Learning},
  journal = {Journal of Computer Security},
  year = {2011},
  volume = {19},
  number = {4},
  pages = {639--668}
}

@inproceedings{ref7,
  author = {J. Saxe and K. Berlin},
  title = {Deep Neural Network Based Malware Detection Using Two Dimensional Binary Program Features},
  booktitle = {2015 10th International Conference on Malicious and Unwanted Software (MALWARE)},
  year = {2015},
  pages = {11--20},
  address = {Fajardo, PR, USA},
  publisher = {IEEE}
}

@article{ref8,
  author = {J. X. Geng and J. F. Wang and Z. Y. Fang and others},
  title = {A Survey of Strategy-Driven Evasion Methods for {PE} Malware: Transformation, Concealment, and Attack},
  journal = {Computers \& Security},
  year = {2024},
  volume = {137},
  pages = {103595},
  doi = {10.1016/j.cose.2023.103595}
}

@article{ref9,
  author = {H. S. Anderson and A. Kharkar and B. Filar and others},
  title = {Learning to Evade Static {PE} Machine Learning Malware Models via Reinforcement Learning},
  journal = {arXiv preprint arXiv:1801.08917},
  year = {2018}
}

@article{ref10,
  author = {L. Demetrio and B. Biggio and G. Lagorio and others},
  title = {Functionality-Preserving Black-Box Optimization of Adversarial Windows Malware},
  journal = {arXiv preprint arXiv:2003.13526},
  year = {2020}
}

@inproceedings{ref11,
  author = {E. Quiring and A. Maier and K. Rieck},
  title = {Misleading Authorship Attribution of Source Code Using Adversarial Learning},
  booktitle = {28th USENIX Security Symposium (USENIX Security 19)},
  year = {2019},
  pages = {479--496},
  address = {Santa Clara, CA, USA},
  publisher = {USENIX Association}
}

@inproceedings{ref12,
  author = {D. Z. Zhan and W. Bai and X. Liu and others},
  title = {{PSP-Mal}: Evading Malware Detection via Prioritized Experience-Based Reinforcement Learning with Shapley Prior},
  booktitle = {Proceedings of the 39th Annual Computer Security Applications Conference},
  year = {2023},
  pages = {580--593},
  address = {Orlando, FL, USA},
  publisher = {ACM}
}

@inproceedings{ref13,
  author = {H. S. Anderson and A. Kharkar and B. Filar and others},
  title = {Evading Machine Learning Malware Detection},
  booktitle = {Black Hat USA 2017},
  year = {2017},
  address = {Las Vegas, NV, USA}
}

@inproceedings{ref14,
  author = {W. Song and X. Li and S. Afroz and others},
  title = {{Mab-Malware}: A Reinforcement Learning Framework for Blackbox Generation of Adversarial Malware},
  booktitle = {Proceedings of the 2022 ACM on Asia Conference on Computer and Communications Security},
  year = {2022},
  pages = {990--1003},
  address = {Nagasaki, Japan},
  publisher = {ACM}
}

@article{ref15,
  author = {Z. Fang and J. Wang and B. Li and others},
  title = {Evading Anti-Malware Engines with Deep Reinforcement Learning},
  journal = {IEEE Access},
  year = {2019},
  volume = {7},
  pages = {48867--48879},
  doi = {10.1109/ACCESS.2019.2908035}
}

@inproceedings{ref16,
  author = {R. Labaca-Castro and S. Franz and G. D. Rodosek},
  title = {{Aimed-RL}: Exploring Adversarial Malware Examples with Reinforcement Learning},
  booktitle = {Machine Learning and Knowledge Discovery in Databases},
  year = {2021},
  pages = {37--52},
  address = {Bilbao, Spain},
  publisher = {Springer}
}

@article{ref17,
  author = {D. Gibert and M. Fredrikson and C. Mateu and others},
  title = {Enhancing the Insertion of {NOP} Instructions to Obfuscate Malware via Deep Reinforcement Learning},
  journal = {Computers \& Security},
  year = {2022},
  volume = {113},
  pages = {102543},
  doi = {10.1016/j.cose.2021.102543}
}

@inproceedings{ref18,
  author = {I. J. Goodfellow and J. Shlens and C. Szegedy},
  title = {Explaining and Harnessing Adversarial Examples},
  booktitle = {3rd International Conference on Learning Representations (ICLR)},
  year = {2015},
  address = {San Diego, CA, USA}
}

@inproceedings{ref19,
  author = {N. Carlini and D. Wagner},
  title = {Towards Evaluating the Robustness of Neural Networks},
  booktitle = {2017 IEEE Symposium on Security and Privacy},
  year = {2017},
  pages = {39--57},
  address = {San Jose, CA, USA},
  publisher = {IEEE}
}

@inproceedings{ref20,
  author = {S. M. Moosavi-Dezfooli and A. Fawzi and P. Frossard},
  title = {{DeepFool}: A Simple and Accurate Method to Fool Deep Neural Networks},
  booktitle = {Proceedings of the IEEE Conference on Computer Vision and Pattern Recognition},
  year = {2016},
  pages = {2574--2582},
  address = {Las Vegas, NV, USA},
  publisher = {IEEE}
}

@inproceedings{ref21,
  author = {B. Kolosnajabi and A. Demontis and B. Biggio and others},
  title = {Adversarial Malware Binaries: Evading Deep Learning for Malware Detection in Executables},
  booktitle = {2018 26th European Signal Processing Conference (EUSIPCO)},
  year = {2018},
  pages = {533--537},
  address = {Rome, Italy},
  publisher = {IEEE}
}

@inproceedings{ref22,
  author = {A. Al-Dujaili and A. Huang and E. Hemberg and others},
  title = {Adversarial Deep Learning for Robust Detection of Binary Encoded Malware},
  booktitle = {2018 IEEE Security and Privacy Workshops (SPW)},
  year = {2018},
  pages = {76--82},
  address = {San Francisco, CA, USA},
  publisher = {IEEE}
}

@article{ref23,
  author = {F. Kreuk and A. Barak and S. Aviv-Reuven and others},
  title = {Deceiving End-to-End Deep Learning Malware Detectors Using Adversarial Examples},
  journal = {arXiv preprint arXiv:1902.03954},
  year = {2019}
}

@inproceedings{ref24,
  author = {O. Suciu and S. E. Coull and J. Johns},
  title = {Exploring Adversarial Examples in Malware Detection},
  booktitle = {2019 IEEE Security and Privacy Workshops (SPW)},
  year = {2019},
  pages = {8--14},
  address = {San Francisco, CA, USA},
  publisher = {IEEE}
}

@inproceedings{ref25,
  author = {X. Liu and J. Zhang and Y. Lin and others},
  title = {{ATMPA}: Attacking Machine Learning-Based Malware Visualization Detection Methods via Adversarial Examples},
  booktitle = {Proceedings of the International Symposium on Quality of Service},
  year = {2019},
  pages = {1--10},
  address = {Hong Kong, China},
  publisher = {ACM}
}

@inproceedings{ref26,
  author = {D. Park and H. Khan and B. Yener},
  title = {Generation \& Evaluation of Adversarial Examples for Malware Obfuscation},
  booktitle = {2019 18th IEEE International Conference on Machine Learning and Applications (ICMLA)},
  year = {2019},
  pages = {1283--1290},
  address = {Boca Raton, FL, USA},
  publisher = {IEEE}
}

@misc{ref27,
  author = {{Statista}},
  title = {Global Market Share Held by Operating Systems for Desktop PCs, from January 2013 to February 2024},
  year = {2024},
  url = {https://www.statista.com/statistics/218089/global-market-share-of-windows-7/},
  note = {Accessed: 2024-03-15}
}

@misc{ref28,
  author = {{AV-TEST Institute}},
  title = {AV-TEST Statistics},
  year = {2023},
  url = {https://portal.av-atlas.org/malware/statistics},
  note = {Accessed: 2023-12-01}
}

@techreport{ref29,
  author = {G. A. Rummery and M. Niranjan},
  title = {Online Q-Learning Using Connection Systems},
  institution = {University of Cambridge},
  year = {1994},
  address = {Cambridge, UK}
}

@book{ref30,
  author = {R. S. Sutton and A. G. Barto},
  title = {Reinforcement Learning: An Introduction},
  edition = {2nd},
  year = {2018},
  publisher = {MIT Press},
  address = {Cambridge, MA, USA}
}

@inproceedings{ref31,
  author = {H. van Seijen and H. van Hasselt and S. Whiteson and others},
  title = {A Theoretical and Empirical Analysis of Expected Sarsa},
  booktitle = {2009 IEEE Symposium on Adaptive Dynamic Programming and Reinforcement Learning},
  year = {2009},
  pages = {177--184},
  address = {Nashville, TN, USA},
  publisher = {IEEE}
}

@article{ref32,
  author = {M. Ganger and E. Duryea and W. Hu},
  title = {Double Sarsa and Double Expected Sarsa with Shallow and Deep Learning},
  journal = {Journal of Data Analysis and Information Processing},
  year = {2016},
  volume = {4},
  number = {4},
  pages = {159--176},
  doi = {10.4236/jdaip.2016.44013}
}

@inproceedings{ref33,
  author = {A. Yokoyama and K. Ishii and R. Tanabe and others},
  title = {{SandPrint}: Fingerprinting Malware Sandboxes to Provide Intelligence for Sandbox Evasion},
  booktitle = {International Symposium on Research in Attacks, Intrusions, and Defenses},
  year = {2016},
  pages = {165--187},
  address = {Paris, France},
  publisher = {Springer}
}

@article{ref34,
  author = {E. M. Rudd and A. Rozsa and M. Gunther and others},
  title = {A Survey of Stealth Malware: Attacks, Mitigation Measures, and Steps Toward Autonomous Open World Solutions},
  journal = {IEEE Communications Surveys \& Tutorials},
  year = {2017},
  volume = {19},
  number = {2},
  pages = {1145--1172},
  doi = {10.1109/COMST.2017.2662561}
}

@inproceedings{ref35,
  author = {A. Bulazel and B. Yener},
  title = {A Survey on Automated Dynamic Malware Analysis Evasion and Counter-Evasion: {PC}, Mobile, and Web},
  booktitle = {Proceedings of the 1st Reversing and Offensive-Oriented Trends Symposium},
  year = {2017},
  pages = {2},
  doi = {10.1145/3152480.3152483},
  address = {New York, NY, USA},
  publisher = {ACM}
}

@article{ref36,
  author = {T. Apostolopoulos and V. Katos and K. K. R. Choo and others},
  title = {Resurrecting Anti-Virtualization and Anti-Debugging: Unhooking Your Hooks},
  journal = {Future Generation Computer Systems},
  year = {2021},
  volume = {116},
  pages = {393--405},
  doi = {10.1016/j.future.2020.10.013}
}

@article{ref37,
  author = {Anonymous},
  title = {Parasitic Malware: The Resurgence of an Old Threat},
  journal = {Network Security},
  year = {2008},
  number = {3},
  pages = {15--18},
  doi = {10.1016/S1353-4858(08)70024-2}
}

@inproceedings{ref38,
  author = {V. Pappas and M. Polychronakis and A. D. Keromytis},
  title = {Smashing the Gadgets: Hindering Return-Oriented Programming Using In-Place Code Randomization},
  booktitle = {2012 IEEE Symposium on Security and Privacy},
  year = {2012},
  pages = {601--615},
  doi = {10.1109/SP.2012.41},
  address = {San Francisco, CA, USA},
  publisher = {IEEE}
}

@inproceedings{ref39,
  author = {J. Pavithran and M. Patnaik and C. Rebeiro},
  title = {{D-TIME}: Distributed Threadless Independent Malware Execution for Runtime Obfuscation},
  booktitle = {13th USENIX Workshop on Offensive Technologies (WOOT 19)},
  year = {2019},
  address = {Santa Clara, CA, USA},
  publisher = {USENIX Association}
}

@inproceedings{ref40,
  author = {K. K. Ispoglou and M. Payer},
  title = {{malWASH}: Washing Malware to Evade Dynamic Analysis},
  booktitle = {10th USENIX Workshop on Offensive Technologies (WOOT 16)},
  year = {2016},
  address = {Austin, TX, USA},
  publisher = {USENIX Association}
}

@article{ref41,
  author = {J. Xie and S. Li and X. C. Yun and others},
  title = {{HSTF-Model}: An {HTTP}-Based Trojan Detection Model via the Hierarchical Spatio-Temporal Features of Traffics},
  journal = {Computers \& Security},
  year = {2020},
  volume = {96},
  pages = {101923},
  doi = {10.1016/j.cose.2020.101923}
}